<?xml version="1.0" encoding="UTF-8"?><collection xmlns="http://www.loc.gov/MARC21/slim"><record><leader>00536nam--2200169-i-4500</leader><controlfield tag="001">000012957</controlfield><controlfield tag="002">20161230</controlfield><controlfield tag="005">20161230201030</controlfield><controlfield tag="008">060222s1000------------r-----000-0-eng-d</controlfield><datafield ind1="1" ind2=" " tag="100"><subfield code="a">Dacunha-castelle, D</subfield></datafield><datafield ind1="1" ind2="0" tag="245"><subfield code="a">Ecole d'ete de probabilites de saint-flour vii-1977</subfield><subfield code="c">D. Dacunha-Castelle ; H. Heyer ; B. Roynette</subfield></datafield><datafield ind1=" " ind2=" " tag="260"><subfield code="a">Berlin, Springer-verlag, 1978</subfield></datafield><datafield ind1=" " ind2=" " tag="300"><subfield code="a">IX + 379 P</subfield></datafield><datafield ind1=" " ind2=" " tag="490"><subfield code="a">Lecture Notes In Mathematics</subfield><subfield code="v">vol. 678</subfield></datafield><datafield ind1="0" ind2=" " tag="700"><subfield code="a">Roynette, B</subfield><subfield code="e">joint author</subfield></datafield><datafield ind1=" " ind2=" " tag="852"><subfield code="a">46893</subfield><subfield code="c">519.2</subfield></datafield><datafield ind1=" " ind2=" " tag="CAT"><subfield code="a">Sys</subfield><subfield code="c">20100607</subfield><subfield code="h">090236</subfield></datafield></record></collection>